@article{knuth1984literate,
    author = {Knuth, D. E.},
    title = "{Literate Programming}",
    journal = {The Computer Journal},
    volume = {27},
    number = {2},
    pages = {97-111},
    year = {1984},
    month = {01},
    abstract = "{The author and his associates have been experimenting for the past several years with a programming language and documentation system called WEB. This paper presents WEB by example, and discusses why the new system appears to be an improvement over previous ones.}",
    issn = {0010-4620},
    doi = {10.1093/comjnl/27.2.97},
    url = {https://doi.org/10.1093/comjnl/27.2.97},
    eprint = {https://academic.oup.com/comjnl/article-pdf/27/2/97/981657/270097.pdf},
}

@Book{xie2015knitr,
  title = {Dynamic Documents with {R} and knitr},
  author = {Yihui Xie},
  publisher = {Chapman and Hall/CRC},
  address = {Boca Raton, Florida},
  year = {2015},
  edition = {2nd},
  note = {ISBN 978-1498716963},
  url = {http://yihui.org/knitr/},
}

@article{wickham2019tidyverse,
  doi = {10.21105/joss.01686},
  url = {https://doi.org/10.21105/joss.01686},
  year = {2019},
  publisher = {The Open Journal},
  volume = {4},
  number = {43},
  pages = {1686},
  author = {Hadley Wickham and Mara Averick and Jennifer Bryan and Winston Chang and Lucy D'Agostino McGowan and Romain François and Garrett Grolemund and Alex Hayes and Lionel Henry and Jim Hester and Max Kuhn and Thomas Lin Pedersen and Evan Miller and Stephan Milton Bache and Kirill Müller and Jeroen Ooms and David Robinson and Dana Paige Seidel and Vitalie Spinu and Kohske Takahashi and Davis Vaughan and Claus Wilke and Kara Woo and Hiroaki Yutani},
  title = {Welcome to the Tidyverse},
  journal = {Journal of Open Source Software}
}
